<record xmlns='http://www.loc.gov/MARC21/slim'><leader>01892cim a22003972u 4500</leader><controlfield tag='001'>3601822</controlfield><controlfield tag='005'>20151214182942.0</controlfield><controlfield tag='007'>ss|lmnjluz|nuu</controlfield><controlfield tag='008'>991101s1981    nyunnn         l    eng d</controlfield><datafield ind1=' ' ind2=' ' tag='035'><subfield code='a'>(NIC)notisASF8887</subfield></datafield><datafield ind1=' ' ind2=' ' tag='035'><subfield code='a'>3601822</subfield></datafield><datafield ind1=' ' ind2=' ' tag='035'><subfield code='a'>(OCoLC)63898271</subfield></datafield><datafield ind1=' ' ind2=' ' tag='040'><subfield code='a'>NIC</subfield><subfield code='c'>NIC</subfield><subfield code='d'>NIC</subfield><subfield code='d'>NIC</subfield></datafield><datafield ind1='1' ind2=' ' tag='100'><subfield code='a'>Steinem, Gloria.</subfield></datafield><datafield ind1='1' ind2='0' tag='245'><subfield code='a'>Reaganomics and women</subfield><subfield code='h'>[sound recording]</subfield></datafield><datafield ind1=' ' ind2=' ' tag='260'><subfield code='c'>1981.</subfield></datafield><datafield ind1=' ' ind2=' ' tag='300'><subfield code='a'>2 sound cassettes :</subfield><subfield code='b'>analog, mono.</subfield></datafield><datafield ind1=' ' ind2=' ' tag='500'><subfield code='a'>Recorded in Ithaca, NY by Cornell University.</subfield></datafield><datafield ind1=' ' ind2=' ' tag='500'><subfield code='a'>Sponsored by: University Unions Program Board,Interfraternity Council,Sigma Chi,Alpha Delta Phi,Panhellenic Council,Women&apos;s Studies Program,Women&apos;s resource Center,Alpha Phi Omega,Mortar Board Honor Society,ILR Student Government,Unions and Activities, Department of.</subfield></datafield><datafield ind1=' ' ind2=' ' tag='500'><subfield code='a'>Speaker(s): Political journalist; on the national boards of the National Organization for Women and the National Women&apos;s Political Caucus; editor, Ms. magazine.</subfield></datafield><datafield ind1=' ' ind2=' ' tag='518'><subfield code='a'>Lecture, November 15, 1981.</subfield></datafield><datafield ind1=' ' ind2=' ' tag='520'><subfield code='a'>Steinem criticizes the Reagan administration for its stance on issues concerning women, abortion, and minorities.  She discusses the need for the more unified organization of women in politics.</subfield></datafield><datafield ind1=' ' ind2=' ' tag='540'><subfield code='a'>No reproductions authorized.</subfield></datafield><datafield ind1=' ' ind2='0' tag='650'><subfield code='a'>Supply-side economics.</subfield></datafield><datafield ind1=' ' ind2='0' tag='650'><subfield code='a'>Equal rights amendments</subfield><subfield code='z'>United States.</subfield></datafield><datafield ind1=' ' ind2='0' tag='650'><subfield code='a'>Discrimination.</subfield></datafield><datafield ind1=' ' ind2='0' tag='650'><subfield code='a'>Women&apos;s rights</subfield><subfield code='z'>United States.</subfield></datafield><datafield ind1=' ' ind2='7' tag='650'><subfield code='a'>Discrimination</subfield><subfield code='2'>fast</subfield><subfield code='0'>(OCoLC)fst00894985</subfield></datafield><datafield ind1=' ' ind2='7' tag='650'><subfield code='a'>Equal rights amendments</subfield><subfield code='2'>fast</subfield><subfield code='0'>(OCoLC)fst00914449</subfield></datafield><datafield ind1=' ' ind2='7' tag='650'><subfield code='a'>Supply-side economics</subfield><subfield code='2'>fast</subfield><subfield code='0'>(OCoLC)fst01139124</subfield></datafield><datafield ind1=' ' ind2='7' tag='650'><subfield code='a'>Women&apos;s rights</subfield><subfield code='2'>fast</subfield><subfield code='0'>(OCoLC)fst01178818</subfield></datafield><datafield ind1=' ' ind2='7' tag='651'><subfield code='a'>United States</subfield><subfield code='2'>fast</subfield><subfield code='0'>(OCoLC)fst01204155</subfield></datafield><datafield ind1=' ' ind2='0' tag='830'><subfield code='a'>Reaganomics and minorities.</subfield></datafield><datafield ind1='1' ind2=' ' tag='899'><subfield code='a'>CULectures</subfield></datafield><datafield ind1=' ' ind2=' ' tag='905'><subfield code='a'>20000327120000.0</subfield></datafield><datafield ind1='2' ind2=' ' tag='948'><subfield code='a'>20141221</subfield><subfield code='b'>m</subfield><subfield code='d'>batch</subfield><subfield code='e'>lts</subfield><subfield code='x'>addfast</subfield></datafield></record>